@article{костенко2020исследование,
  addendum = {(0,28~п.~л.; ВАК)},
  title={Исследование методов управления тягой маршевых движителей необитаемого подводного аппарата},
  author={Костенко, Владимир Владимирович and Мокеева, Ирина Геннадьевна and Найденко, Николай Андреевич and Толстоногов, Антон Юрьевич},
  journal={Известия Южного федерального университета. Технические науки},
  number={1 (211)},
  year={2020},
  publisher={Федеральное государственное автономное образовательное учреждение высшего~…},
  language = {russian},
  authorconf = {true},
}