@inproceedings{valasek2002design,
  title={Design and control of under-actuated and over-actuated mechanical systems-challenges of mechanics and mechatronics},
  author={Valasek, Michael},
  booktitle={Computational mechanics in vehicle system dynamics-proceedings of 5th World congress on computational mechanics held in Vienna, Austria, july 2002-supplement to vehicle system dynamics},
  year={2002},
  language = {english}
}

@BOOK{бриллиантов2005разработка,
  author={Бриллиантов, Александр Николаевич},
  title={Разработка и исследование основ построения энергетических систем подводных аппаратов : дис. канд. тех. наук: 25.00.28},
  year={2005},
  school={Рос. акад. наук, Ин-т океанологии им. ПП Ширшова Москва},
  pages={207},
  language = {russian}
}

@inproceedings{enns1998control,
  title={Control allocation approaches},
  author={Enns, Dale},
  booktitle={Guidance, Navigation, and Control Conference and Exhibit},
  pages={4109},
  year={1998},
  language = {english}
}

@book{craig2009introduction,
  title={Introduction to robotics: mechanics and control, 3/E},
  author={Craig, John J},
  year={2009},
  publisher={Pearson Education India},
  language = {english}
}

@phdthesis{bordignon1996constrained,
  title={Constrained control allocation for systems with redundant control effectors},
  author={Bordignon, Kenneth A},
  year={1996},
  school={Virginia Tech},
  language = {english}
}

@inproceedings{fossen2006survey,
  title={A survey of control allocation methods for ships and underwater vehicles},
  author={Fossen, Thor I and Johansen, Tor A},
  booktitle={2006 14th Mediterranean conference on control and automation},
  pages={1--6},
  year={2006},
  organization={IEEE},
  language = {english}
}

@inproceedings{oppenheimer2006control,
  title={Control allocation for over-actuated systems},
  author={Oppenheimer, Michael W and Doman, David B and Bolender, Michael A},
  booktitle={2006 14th Mediterranean Conference on Control and Automation},
  pages={1--6},
  year={2006},
  organization={IEEE},
  language = {english}
}

@article{10.1016/j.automatica.2013.01.035,
  title={Control allocation—a survey},
  author={Johansen, Tor A and Fossen, Thor I},
  journal={Automatica},
  volume={49},
  number={5},
  pages={1087--1103},
  year={2013},
  publisher={Elsevier},
  doi = {10.1016/j.automatica.2013.01.035},
  language = {english}
}

@article{филаретов2016особенности,
  title={Особенности синтеза высокоточных систем управления скоростным движением и стабилизацией подводных аппаратов в пространстве},
  author={Филаретов, Владимир Федорович and Юхимец, Дмитрий Александрович},
  year={2016},
  language = {russian}
}

@article{мартынова2020подход,
  title={Подход к реконфигурации системы управления движением автономного необитаемого подводного аппарата},
  author={Мартынова, ЛА and Розенгауз, МБ},
  journal={Гироскопия и навигация},
  volume={28},
  number={2},
  pages={131--146},
  year={2020},
  publisher={Акционерное общество" Концерн" Центральный научно-исследовательский институт~…},
  language = {russian}
}

@article{зыбин2014аналитическое,
  title={Аналитическое решение задачи оптимальной реконфигурации системы управления летательного аппарата при отказе нескольких органов управления},
  author={Зыбин, ЕЮ and Косьянчук, ВВ and Кульчак, АМ},
  journal={Мехатроника, автоматизация, управление},
  number={7},
  pages={59--66},
  year={2014},
  publisher={Общество с ограниченной ответственностью Издательство Новые технологии},
  language = {russian}
}

@article{амбросовский2013распределение,
  title={Распределение упоров в задаче позиционирования подвижных объектов.},
  author={Амбросовский, Виктор Михайлович and Коренев, Алексей Сергеевич and Хабаров, Сергей Петрович},
  journal={Известия СПбГЭТУ ЛЭТИ},
  number={7},
  pages={63},
  year={2013},
  publisher={Федеральное государственное автономное образовательное учреждение высшего~…},
  language = {russian}
}

@article{воловодов2003распределение,
  title={Распределение ресурсов управления при пространственной стабилизации подвижных объектов},
  author={Воловодов, СК and Черняев, МГ and Каверинский, АЮ and Воловодов, СС},
  journal={Гироскопия и навигация},
  number={1},
  pages={30--42},
  year={2003},
  publisher={Акционерное общество" Концерн" Центральный научно-исследовательский институт~…},
  language = {russian}
}

@inproceedings{амбросовский2014алгоритмы,
  title={Алгоритмы управления в задачах позиционирования динамических объектов},
  author={Амбросовский, ВМ and Коренев, АС},
  booktitle={XII всероссийское совещание по проблемам управления ВСПУ-2014},
  pages={3523--3533},
  year={2014},
  language = {russian}
}

@BOOK{власов2016адаптивное,
  title={Адаптивное управление плоским движением надводного роботизированного объекта: дис. канд. тех. наук: 05.13.01},
  author={Власов, Сергей Михайлович},
  year={2016},
  school={С.-Петерб. нац. исслед. ун-т информац. технологий, механики и оптики},
  pages={110},
  language = {russian}
}

@article{10.1016/j.automatica.2004.09.007, 
  year = {2005},
  title = {{Resolving actuator redundancy—optimal control vs. control allocation}}, 
  author = {Härkegård, Ola and Glad, S. Torkel}, 
  journal = {Automatica}, 
  issn = {0005-1098}, 
  doi = {10.1016/j.automatica.2004.09.007}, 
  pages = {137--144}, 
  number = {1}, 
  volume = {41},
  language = {english}
}

@article{10.1049/iet-cta.2009.0265, 
  year = {2010}, 
  title = {{Position-tracking control of underactuated autonomous underwater vehicles in the presence of unknown ocean currents}}, 
  author = {Zhang, J Z and Wei, Y J and Bi, F Y and Cao, W}, 
  journal = {IET Control Theory \& Applications}, 
  issn = {1751-8644}, 
  doi = {10.1049/iet-cta.2009.0265}, 
  pages = {2369--2380}, 
  number = {11}, 
  volume = {4},
  language = {english}
}

@article{10.1109/cdc.2002.1184546, 
  year = {2002},
  title = {{Global output feedback universal controller for stabilization and tracking of underactuated ODIN-an underwater vehicle}}, 
  author = {Do, K.D and Jiang, Z.P. and Pan, J. and Nijmeijer, H.}, 
  journal = {Proceedings of the 41st IEEE Conference on Decision and Control, 2002}, 
  doi = {10.1109/cdc.2002.1184546},
  pages = {504--509}, 
  volume = {1},
  language = {english}
}

@article{yuh2000design,
  title={Design and control of autonomous underwater robots: A survey},
  author={Yuh, Junku},
  journal={Autonomous Robots},
  volume={8},
  number={1},
  pages={7--24},
  year={2000},
  publisher={Springer},
  language = {english}
}

@article{борейко2011малогабаритный,
  title={Малогабаритный многофункциональный автономный необитаемый подводный аппарат" МТ-2010"},
  author={Борейко, АА and Горнак, ВЕ and Мальцева, СВ and Матвиенко, ЮВ and Михайлов, ДН},
  journal={Подводные исследования и робототехника},
  number={2},
  pages={37--42},
  year={2011},
  publisher={Федеральное государственное бюджетное учреждение науки Институт проблем~…},
  language = {russian}
}

@article{горнак2007ммт,
  title={ММТ-3000-новый малогабаритный автономный необитаемый подводный аппарат Института проблем морских технологий ДВО РАН},
  author={Горнак, ВЕ and Икзарцев, АВ and Львов, ОЮ and Матвиенко, ЮВ and Щербатюк, АФ and Инзарцев, АВ},
  journal={Подводные исследования и робототехника},
  number={1},
  pages={12--20},
  year={2007},
  publisher={Федеральное государственное бюджетное учреждение науки Институт проблем~…},
  language = {russian}
}

@article{fossen1991adaptive,
  title={Adaptive control of nonlinear systems: A case study of underwater robotic systems},
  author={Fossen, Thor I and Sagatun, Svein I},
  journal={Journal of Robotic Systems},
  volume={8},
  number={3},
  pages={393--412},
  year={1991},
  publisher={Wiley Online Library},
  language = {english}
}

@article{durham1993constrained,
  title={Constrained control allocation},
  author={Durham, Wayne C},
  journal={Journal of Guidance, control, and Dynamics},
  volume={16},
  number={4},
  pages={717--725},
  year={1993},
  language = {english}
}

@article{bordingnon1995closed,
  title={Closed-form solutions to constrained control allocation problem},
  author={Bordingnon, Kenneth A and Durham, Wayne C},
  journal={Journal of Guidance, Control, and Dynamics},
  volume={18},
  number={5},
  pages={1000--1007},
  year={1995},
  language = {english}
}

@article{petersen2002fast,
  title={Fast implementation of direct allocation with extension to coplanar controls},
  author={Petersen, John AM and Bodson, Marc},
  journal={Journal of Guidance, Control, and Dynamics},
  volume={25},
  number={3},
  pages={464--473},
  year={2002},
  language = {english}
}

@article{костенко2015вопросу,
  title={К вопросу обеспечения независимости управляющих воздействий движительно-рулевого комплекса подводного аппарата},
  author={Костенко, ВВ and Павин, АМ},
  journal={Технические проблемы освоения Мирового океана},
  volume={6},
  pages={118--123},
  year={2015},
  publisher={Федеральное государственное бюджетное учреждение науки Институт проблем~…},
  language={russian}
}

@article{petersen2005constrained,
  title={Constrained quadratic programming techniques for control allocation},
  author={Petersen, John AM and Bodson, Marc},
  journal={IEEE Transactions on Control Systems Technology},
  volume={14},
  number={1},
  pages={91--98},
  year={2005},
  publisher={IEEE},
  language={english}
}

@inproceedings{harkegard2002efficient,
  title={Efficient active set algorithms for solving constrained least squares problems in aircraft control allocation},
  author={Harkegard, Ola},
  booktitle={Proceedings of the 41st IEEE Conference on Decision and Control, 2002.},
  volume={2},
  pages={1295--1300},
  year={2002},
  organization={IEEE},
  language={english}
}

@article{bodson2002evaluation,
  title={Evaluation of optimization methods for control allocation},
  author={Bodson, Marc},
  journal={Journal of Guidance, Control, and Dynamics},
  volume={25},
  number={4},
  pages={703--711},
  year={2002},
  language={english}
}

@article{10.2514/1.11607, 
  year = {2012}, 
  keywords = {dynamic allocation problem,aircraft}, 
  title = {{Dynamic Control Allocation Using Constrained Quadratic Programming}}, 
  author = {Härkegård, Ola}, 
  journal = {Journal of Guidance, Control, and Dynamics}, 
  issn = {0731-5090}, 
  doi = {10.2514/1.11607}, 
  pages = {1028--1034}, 
  number = {6}, 
  volume = {27},
  language={english}
}

@article{10.1016/j.automatica.2008.03.031, 
  year = {2008},
  title = {{Adaptive control allocation}}, 
  author = {Tjønnås, Johannes and Johansen, Tor A.}, 
  journal = {Automatica}, 
  issn = {0005-1098}, 
  doi = {10.1016/j.automatica.2008.03.031},
  pages = {2754--2765}, 
  number = {11}, 
  volume = {44},
  language={english}
}

@article{10.1016/j.automatica.2009.01.013, 
  year = {2009},
  title = {{Dynamic allocation for input redundant control systems}}, 
  author = {Zaccarian, Luca}, 
  journal = {Automatica}, 
  issn = {0005-1098}, 
  doi = {10.1016/j.automatica.2009.01.013}, 
  pages = {1431--1438}, 
  number = {6}, 
  volume = {45},
  language={english}
}

@article{10.1016/j.automatica.2014.10.112, 
  year = {2015},
  title = {{On input allocation-based regulation for linear over-actuated systems}}, 
  author = {Galeani, Sergio and Serrani, Andrea and Varano, Gianluca and Zaccarian, Luca}, 
  journal = {Automatica}, 
  issn = {0005-1098}, 
  doi = {10.1016/j.automatica.2014.10.112},  
  pages = {346--354}, 
  volume = {52},
  language={english}
}

@article{10.1109/cdc.2012.6426209, 
  year = {2012},
  title = {{Output regulation for over-actuated linear systems via inverse model allocation}}, 
  author = {Serrani, A.}, 
  journal = {2012 IEEE 51st IEEE Conference on Decision and Control (CDC)}, 
  doi = {10.1109/cdc.2012.6426209},
  pages = {4871--4876},
  language={english}
}

@article{10.1016/j.automatica.2020.109265, 
  year = {2020},
  title = {{Optimal dynamic Control Allocation with guaranteed constraints and online Reinforcement Learning}}, 
  author = {Kolaric, Patrik and Lopez, Victor G. and Lewis, Frank L.}, 
  journal = {Automatica}, 
  issn = {0005-1098}, 
  doi = {10.1016/j.automatica.2020.109265},
  pages = {109265}, 
  volume = {122},
  language={english}
}

@article{10.1016/j.ifacol.2019.08.065, 
  year = {2019},
  title = {{Model Predictive Control Allocation of an Over-actuated Electric Vehicle with Single Wheel Actuators}}, 
  author = {Schwartz, Manuel and Siebenrock, Florian and Hohmann, Sören}, 
  journal = {IFAC-PapersOnLine}, 
  issn = {2405-8963}, 
  doi = {10.1016/j.ifacol.2019.08.065}, 
  pages = {162--169}, 
  number = {8}, 
  volume = {52},
  language={english}
}

@article{10.1016/j.ifacol.2015.10.048, 
  year = {2015},
  title = {{Model Predictive Control Allocation in Electric Vehicle Drive Trains}}, 
  author = {Bächle, T. and Graichen, K. and Buchholz, M. and Dietmayer, K.}, 
  journal = {IFAC-PapersOnLine}, 
  issn = {2405-8963}, 
  doi = {10.1016/j.ifacol.2015.10.048}, 
  pages = {335--340}, 
  number = {15}, 
  volume = {48},
  language={english}
}

@article{10.1007/s11768-019-7231-9, 
  year = {2019},
  title = {{Guaranteed feasible control allocation using model predictive control}}, 
  author = {Naderi, Mehdi and Sedigh, Ali Khaki and Johansen, Tor Arne}, 
  journal = {Control Theory and Technology}, 
  issn = {2095-6983}, 
  doi = {10.1007/s11768-019-7231-9}, 
  pages = {252--264}, 
  number = {3}, 
  volume = {17},
  language={english}
}

@article{10.1109/icca.2011.6137940, 
  year = {2011},
  title = {{Dynamic Model Predictive Control Allocation using CVXGEN}}, 
  author = {Hanger, Martin and Johansen, Tor A. and Mykland, Geir Kåre and Skullestad, Aage}, 
  journal = {2011 9th IEEE International Conference on Control and Automation (ICCA)}, 
  doi = {10.1109/icca.2011.6137940},
  pages = {417--422},
  language={english}
}

@article{10.1007/s12555-012-0385-6, 
  year = {2014},
  title = {{Development and control of a new AUV platform}}, 
  author = {Loc, Mai Ba and Choi, Hyeung-Sik and Seo, Jung-Min and Baek, Se-Hoon and Kim, Joon-Young}, 
  journal = {International Journal of Control, Automation and Systems}, 
  issn = {1598-6446}, 
  doi = {10.1007/s12555-012-0385-6}, 
  pages = {886--894}, 
  number = {4}, 
  volume = {12},
  language={english}
}

@article{10.1109/oceans-yeosu.2012.6263496, 
  year = {2012},
  title = {{Development of The Cruising-AUV “Jinbei”}}, 
  journal = {2012 Oceans - Yeosu}, 
  doi = {10.1109/oceans-yeosu.2012.6263496},
  pages = {1--4}, 
  volume = {1},
  language={english}
}

@article{10.1109/oceans-yeosu.2012.6263498, 
  year = {2012},
  title = {{Development of The working-AUV “Otohime”}}, 
  journal = {2012 Oceans - Yeosu}, 
  doi = {10.1109/oceans-yeosu.2012.6263498},
  pages = {1--5}, 
  volume = {1},
  language={english}
}

@article{10.1109/tcst.2003.821952, 
  year = {2004},
  title = {{Constrained nonlinear control allocation with singularity avoidance using sequential quadratic programming}}, 
  author = {Johansen, T.A. and Fossen, T.I. and Berge, S.P.}, 
  journal = {IEEE Transactions on Control Systems Technology}, 
  issn = {1063-6536}, 
  doi = {10.1109/tcst.2003.821952},
  pages = {211--216}, 
  number = {1}, 
  volume = {12},
  language={english}
}

@inproceedings{poonamallee2004nonlinear,
  title={A nonlinear programming approach for control allocation},
  author={Poonamallee, Vishnu L and Yurkovich, Stephen and Serrani, Andrea and Doman, David B},
  booktitle={Proceedings of the 2004 American control conference},
  volume={2},
  pages={1689--1694},
  year={2004},
  organization={IEEE},
  language={english}
}

@article{10.1109/cdc.2004.1429240, 
  year = {2004},
  title = {{Optimizing Nonlinear Control Allocation}}, 
  author = {Johansen, Tor A.}, 
  journal = {2004 43rd IEEE Conference on Decision and Control (CDC) (IEEE Cat. No.04CH37601)}, 
  doi = {10.1109/cdc.2004.1429240},
  pages = {3435--3440}, 
  volume = {4},
  language={english}
}

@article{10.4173/mic.2008.2.4, 
  year = {2008}, 
  title = {{Optimizing Adaptive Control Allocation With Actuator Dynamics}}, 
  author = {Tjønnås, Johannes and Johansen, Tor A}, 
  journal = {Modeling, Identification and Control: A Norwegian Research Bulletin}, 
  issn = {0332-7353}, 
  doi = {10.4173/mic.2008.2.4}, 
  pages = {69--76}, 
  number = {2}, 
  volume = {29},
  language={english}
}

@article{mattingley2010real,
  title={Real-time convex optimization in signal processing},
  author={Mattingley, John and Boyd, Stephen},
  journal={IEEE Signal processing magazine},
  volume={27},
  number={3},
  pages={50--61},
  year={2010},
  publisher={IEEE},
  language={english}
}

@article{ferreau2014qpoases,
  title={qpOASES: A parametric active-set algorithm for quadratic programming},
  author={Ferreau, Hans Joachim and Kirches, Christian and Potschka, Andreas and Bock, Hans Georg and Diehl, Moritz},
  journal={Mathematical Programming Computation},
  volume={6},
  number={4},
  pages={327--363},
  year={2014},
  publisher={Springer},
  language={english}
}

@article{jones2012fast,
  title={Fast predictive control: Real-time computation and certification},
  author={Jones, Colin N and Domahidi, Alexander and Morari, Manfred and Richter, Stefan and Ullmann, Fabian and Zeilinger, Melanie},
  journal={IFAC Proceedings Volumes},
  volume={45},
  number={17},
  pages={94--98},
  year={2012},
  publisher={Elsevier},
  language={english}
}

@article{houska2011acado,
  title={ACADO toolkit—An open-source framework for automatic control and dynamic optimization},
  author={Houska, Boris and Ferreau, Hans Joachim and Diehl, Moritz},
  journal={Optimal Control Applications and Methods},
  volume={32},
  number={3},
  pages={298--312},
  year={2011},
  publisher={Wiley Online Library},
  language={english}
}

@inproceedings{kvasnica2004multi,
  title={Multi-parametric toolbox (MPT)},
  author={Kvasnica, Michal and Grieder, Pascal and Baoti{\'c}, Mato and Morari, Manfred},
  booktitle={International workshop on hybrid systems: Computation and control},
  pages={448--462},
  year={2004},
  organization={Springer},
  language={english}
}

@article{palmer2008modelling,
  title={Modelling tunnel thrusters for autonomous underwater vehicles},
  author={Palmer, Alistair and Hearn, Grant E and Stevenson, Peter},
  journal={IFAC Proceedings Volumes},
  volume={41},
  number={1},
  pages={91--96},
  year={2008},
  publisher={Elsevier},
  language={english}
}

@BOOK{инзарцев2018подводные,
  title={Подводные робототехнические комплексы: системы, технологии, применение},
  author={Инзарцев, АВ and Киселев, ЛВ and Костенко, ВВ and Матвиенко, ЮВ and Павин, АМ and Щербатюк, АФ},
  year={2018},
  publisher={Федеральное государственное бюджетное учреждение науки Институт проблем морских технологий ДВО РАН},
  numpages = {368},
  language = {russian}
}

@BOOK{агеев2015авто,
  title={Автоматические подводные роботы: Системы и технологии},
  author={Агеев, МД and Киселев ЛВ and Матвиенко ЮВ},
  year={2005},
  publisher={М.: Наука},
  numpages = {400},
  language = {russian}
}

@inproceedings{армишев86,
  title={Исследование структуры движительных комплексов подводных аппаратов},
  author={Армишев С.В.},
  booktitle={Подводные аппараты и роботы},
  publisher={М. Ин-т океанологии им П.П. Ширшова АН СССР},
  year={1986},
  language = {russian}
}

@article{10.1177/1729881417741738, 
  year = {2017},
  title = {{Design of X-rudder autonomous underwater vehicle’s quadruple-rudder allocation with Lévy flight character}}, 
  author = {Zhang, Yinghao and Li, Yueming and Zhang, Guocheng and Zeng, Jiangfeng and Wan, Lei}, 
  journal = {International Journal of Advanced Robotic Systems}, 
  issn = {1729-8814}, 
  doi = {10.1177/1729881417741738},
  number = {6}, 
  volume = {14},
  language={english}
}

@article{10.1109/48.107145, 
  title = {{The influence of thruster dynamics on underwater vehicle behavior and their incorporation into control system design}}, 
  author = {Yoerger, D.R. and Cooke, J.G. and Slotine, J.-J.E.}, 
  journal = {IEEE Journal of Oceanic Engineering}, 
  issn = {0364-9059}, 
  doi = {10.1109/48.107145},
  pages = {167--178}, 
  number = {3}, 
  volume = {15}, 
  year = {1990},
  language={english}
}

@article{10.1109/48.468242, 
  year = {1995}, 
  title = {{Toward an improved understanding of thruster dynamics for underwater vehicles}}, 
  author = {Healey, A. J. and Rock, S. M. and Cody, S. and Miles, D. and Brown, J. P.}, 
  journal = {IEEE Journal of Oceanic Engineering}, 
  issn = {0364-9059}, 
  doi = {10.1109/48.468242},
  pages = {354--361}, 
  number = {4}, 
  volume = {20},
  language={english}
}

@article{whitcomb1999development,
  title={Development, comparison, and preliminary experimental validation of nonlinear dynamic thruster models},
  author={Whitcomb, Louis L and Yoerger, Dana R},
  journal={IEEE journal of oceanic engineering},
  volume={24},
  number={4},
  pages={481--494},
  year={1999},
  publisher={IEEE},
  language={english}
}

@article{cody1992experimental,
  title={An experimental study of the response of small thrusters to step and triangular wave inputs},
  author={Cody, SE},
  journal={MSME Thesis, Naval Postgraduate School, Monterey, CA},
  year={1992},
  language={english}
}

@article{blanke2000dynamic,
  title={Dynamic model for thrust generation of marine propellers},
  author={Blanke, Mogens and Lindegaard, Karl-Petter and Fossen, Thor I},
  journal={IFAC Proceedings Volumes},
  volume={33},
  number={21},
  pages={353--358},
  year={2000},
  publisher={Elsevier},
  language={english}
}

@article{10.1109/robot.2005.1570115, 
  year = {2005}, 
  title = {{Accurate and Practical Thruster Modeling for Underwater Vehicles}}, 
  author = {Kim, Jinhyun and Han, Jonghui and Chung, Wan Kyun and Yuh, Junku and Lee, Pan-Mook}, 
  journal = {Proceedings of the 2005 IEEE International Conference on Robotics and Automation}, 
  doi = {10.1109/robot.2005.1570115},
  pages = {175--180},
  language={english}
}

@book{newman2018marine,
  title={Marine hydrodynamics},
  author={Newman, John Nicholas},
  year={2018},
  publisher={The MIT press},
  language={english}
}

@book{breslin1996hydrodynamics,
  title={Hydrodynamics of ship propellers},
  author={Breslin, John P and Andersen, Poul},
  number={3},
  year={1996},
  publisher={Cambridge University Press},
  language={english}
}

@book{carlton2018marine,
  title={Marine propellers and propulsion},
  author={Carlton, John},
  year={2018},
  publisher={Butterworth-Heinemann},
  language={english}
}

@article{oosterveld1975further,
  title={Further computer-analyzed data of the Wageningen B-screw series},
  author={Oosterveld, Marinus Willem Cornelis and van Oossanen, Peter},
  journal={International shipbuilding progress},
  volume={22},
  number={251},
  pages={251--262},
  year={1975},
  publisher={IOS Press},
  language={english}
}

@techreport{mclean1991dynamic,
  title={Dynamic performance of small diameter tunnel thrusters},
  author={McLean, Michael B},
  year={1991},
  institution={NAVAL POSTGRADUATE SCHOOL MONTEREY CA},
  language={english}
}

@report{steenson2011control,
  title={Control of an AUV from thruster actuated hover to control surface actuated flight},
  author={Steenson, Leo V and Phillips, Alexander B and Rogers, Eric and Furlong, Maaten E and Turnock, Stephen R},
  year={2011},
  language={english}
}

@book{боженов1986,
  title={Самоходные необитаемые подводные аппараты},
  author={Боженов, Ю.А and Борков, А.П. and Гаврилов В.М. and и др.},
  year={1986},
  publisher={Л.},
  pages={264},
  language={russian}
}

@book{Filaretov,
  title={Особенности синтеза высокоточных систем управления скоростным движением и стабилизацией подводных аппаратов в пространстве},
  author={Филаретов, Владимир Федорович and Юхимец, Дмитрий Александрович},
  year={2016},
  isbn = {978-5-8044-1577-9},
  year = {1981},
  publisher = {Владивосток:Дальнаука},
  pages = {400},
  language={russian}
}

@article{vervoort2009modeling,
  title={Modeling and control of an unmanned underwater vehicle},
  author={Vervoort, JHAM},
  journal={Master Traineesh. Rep},
  pages={5--15},
  year={2009},
  language={english}
}

@book{antonelli2014underwater,
  title={Underwater robots},
  author={Antonelli, Gianluca and Antonelli, G},
  volume={3},
  year={2014},
  publisher={Springer},
  language={english}
}

@article{fossen1999guidance,
  title={Guidance and control of ocean vehicles},
  author={Fossen, Thor I},
  journal={University of Trondheim, Norway, Printed by John Wiley \& Sons, Chichester, England, ISBN: 0 471 94113 1, Doctors Thesis},
  year={1999},
  language={english}
}

@article{georgiades2005simulation,
  title={Simulation and control of an underwater hexapod robot},
  author={Georgiades, Christina},
  year={2005},
  language={english}
}

@article{пантов1973основы,
  title={Основы теории движения подводных аппаратов},
  author={Пантов, ЕН and Махин, НН and Шереметов, ББ and others},
  journal={Л.: Судостроение},
  volume={210},
  year={1973},
  language={russian}
}

@article{lewis1988principles,
  title={Principles of naval architecture second revision},
  author={Lewis, Edward V},
  journal={Jersey: Sname},
  volume={2},
  year={1988},
  language={english}
}

@article{10.1016/s1474-6670-17-46514-1, 
  year = {1997}, 
  title = {{A New Method of Thruster Control in Positioning of Ships Based on Power Control}}, 
  author = {Sørensen, Asgeir J. and Ådnanes, Alf Kåre and Fossen, Thor I. and Strand, Jann-Peter}, 
  journal = {IFAC Proceedings Volumes}, 
  issn = {1474-6670}, 
  doi = {10.1016/s1474-6670(17)46514-1},
  pages = {199--206}, 
  number = {22}, 
  volume = {30},
  language={english}
}

@article{walderhaug1992motstand,
  title={Motstand, Framdrift, Styring},
  author={Walderhaug, H},
  journal={Lecture Notes, Department of Marine Hydrodynamics, Norwegian University of Science and Technology (in Norwegian)},
  year={1992}
}

@article{10.1109/48.838987, 
  title = {{Nonlinear output feedback control of underwater vehicle propellers using feedback form estimated axial flow velocity}}, 
  author = {Fossen, T.I. and Blanke, M.}, 
  journal = {IEEE Journal of Oceanic Engineering}, 
  issn = {0364-9059}, 
  doi = {10.1109/48.838987},
  pages = {241--255}, 
  number = {2}, 
  volume = {25},
  year = {2000},
  language={english}
}














% ГОСТ Р 7.0.11-2011, Приложение Б, Книги
@BOOK{Sychev,
  author = {Сычёв, М. С.},
  title = {История Астраханского казачьего войска : учебное пособие},
  address = {Астрахань},
  publisher = {Волга},
  year = {2009},
  numpages = {231},
  language = {russian}
}

@BOOK{Sokolov,
  author = {Соколов, А. Н. and Сердобинцев, К. С.},
  editor = {Бочарова, В. М.},
  address = {Астрахань},
  publisher = {Калиниградский ЮИ МВД России},
  title = {Гражданское общество: проблемы формирования и развития (философский и юридический аспекты) : монография},
  year = {2009},
  numpages = {218},
  language = {russian}
}

@BOOK{Gaidaenko,
  author = {Гайдаенко, Т. А.},
  title = {Маркетинговое управление: принципы управленческих решений и российская практика},
  edition = {{}3-е изд, перераб. и доп.},
  address = {М.},
  publisher = {Эксмо: МИРБИС},
  year = {2008},
  numpages = {508},
  language = {russian}
}

@BOOK{Lermontov,
  author = {Лермонтов, Михаил Юрьевич},
  title = {Собрание сочинений: в 4 т.},
  address = {М.},
  publisher = {Терра-Кн. клуб},
  year = {2009},
  note = {4 т.},
  language = {russian}
}

@BOOK{Management,
  title = {Управление бизнесом : сборник статей},
  address = {Нижний новгород},
  publisher = {Изд-во Нижегородского университета},
  year = {2009},
  numpages = {243},
  language = {russian}
}

@BOOK{Borozda,
  author = {Борозда, И. В. and Воронин, Н. И. and Бушманов, А. В.},
  title = {Лечение сочетанных повреждений таза},
  address = {Владивосток},
  publisher = {Дальнаука},
  year = {2009},
  numpages = {195},
  language = {russian}
}

@BOOK{Marketing,
  author = {Михненков, О. В. and Коготкова, И. З. and Генкин, Е. В. and Сороко, Г. Я.},
  title = {Маркетинговые исследования в строительстве : учебное пособие для студентов специальности «Менеджмент организаций»},
  address = {М.},
  publisher = {Государственный университет управления},
  year = {2005},
  numpages = {59},
  language = {russian}
}

% ГОСТ Р 7.0.11-2011, Приложение Б, Нормативные правовые акты
@BOOK{Constitution,
  title = {Конституция Российской Федерации : офиц. текст.},
  address = {М.},
  publisher = {Маркетинг},
  year = {2001},
  numpages = {39},
  language = {russian}
}

@BOOK{FamilyCode,
  title = {Семейный кодекс Российской Федерации : [федер. закон: принят Гос. Думой 8 дек. 1995~г. : по состоянию на 3~янв. 2001~г.]},
  address = {СПб.},
  publisher = {Стаун-кантри},
  year = {2001},
  numpages = {94},
  language = {russian}
}

% ГОСТ Р 7.0.11-2011, Приложение Б, Стандарты
@BOOK{Gost.7.0.53,
  title = {ГОСТ Р 7.0.53-2007 Система стандартов по информации, библиотечному и издательскому делу. Издания. Международный стандартный книжный номер. Использование и издательское оформление.},
  address = {М.},
  publisher = {Стандартинформ},
  year = {2007},
  numpages = {5},
  language = {russian}
}

% ГОСТ Р 7.0.11-2011, Приложение Б, Депонированные научные работы
@BOOK{Razumovski,
  author = {Разумовский, В. А. and Андреев, Д. А.},
  title = {Управление маркетинговыми исследованиями в регионе},
  address = {М.},
  year = {2002},
  numpages = {210},
  note = {Деп. в ИНИОН Рос. акад. наук 15.02.02, № 139876},
  language = {russian}
}

% ГОСТ Р 7.0.11-2011, Приложение Б, Диссертации
@BOOK{Lagkueva,
  author = {Лагкуева, Ирина Владимировна},
  title = {Особенности регулирования труда творческих работников театров : дис. ... канд. юрид. наук : 12.00.05},
  address = {М.},
  year = {2009},
  numpages = {168},
  language = {russian}
}

@BOOK{Pokrovski,
  author = {Покровский, Андрей Владимирович},
  title = {Устранимые особенности решений эллиптических уравнений : дис. ... д-ра физ.-мат. наук : 01.01.01},
  address = {М.},
  year = {2008},
  numpages = {178},
  language = {russian}
}

% ГОСТ Р 7.0.11-2011, Приложение Б, Авторефераты диссертаций
@BOOK{Sirotko,
  author = {Сиротко, Владимир Викторович},
  title = {Медико-социальные аспекты городского травматизма в современных условиях : автореф. дис. ... канд. мед. наук : 14.00.33},
  address = {М.},
  year = {2006},
  numpages = {26},
  language = {russian}
}

% !!! этот пример НЕ работает с bibtex
% Тот же пример, с использованием https://www.ctan.org/pkg/biblatex-gost
@THESIS{Sirotko2,
  author =       {Сиротко, Владимир Викторович},
  title =        {Медико-социальные аспекты городского травматизма в современных условиях},
  media =        {text},
  type =         {phdautoref},
  science =      {мед. наук},
  specialitycode ={14.00.33},
  address =      {М.},
  year =         {2006},
  pagetotal =    {26},
  language =     {russian},
}

@BOOK{Lukina,
  author = {Лукина, Валентина Александровна},
  title = {Творческая история «Записок охотника» И. С. Тургенева : автореф. дис. ... канд. филол. наук : 10.01.01},
  address = {СПб.},
  year = {2006},
  numpages = {26},
  language = {russian}
}

% !!! этот пример НЕ работает с bibtex
% Тот же пример, с использованием https://www.ctan.org/pkg/biblatex-gost
@THESIS{Lukina2,
  author =       {Лукина, Валентина Александровна},
  title =        {Творческая история «Записок охотника» И. С. Тургенева},
  media =        {text},
  type =         {phdautoref},
  science =      {филол. наук},
  specialitycode ={10.01.01},
  address =      {СПб.},
  year =         {2006},
  pagetotal =    {26},
  language =     {russian},
}

% ГОСТ Р 7.0.11-2011, Приложение Б, Отчёты о научно-исследовательской работе
@BOOK{Methodology,
  author = {Загорюев, А. Л.},
  title = {Методология и методы изучения военно-профессиональной направленности подростков : отчёт о НИР},
  address = {Екатеринбург},
  institution = {Уральский институт практической психологии},
  year = {2008},
  numpages = {102},
  language = {russian}
}

% ГОСТ Р 7.0.11-2011, Приложение Б, Электронные ресурсы
@BOOK{Encyclopedia,
  title = {Художественная энциклопедия зарубежного классического искусства [Электронный ресурс]},
  address = {М.},
  publisher = {Большая Рос. энкцикл.},
  year = {1996},
  note = {1 электрон. опт. диск (CD-ROM)},
  language = {russian}
}

% !!! этот пример НЕ работает с bibtex
% Тот же пример, с использованием https://www.ctan.org/pkg/biblatex-gost
@BOOK{Encyclopedia2,
  title = {Художественная энциклопедия зарубежного классического искусства},
  address = {М.},
  media = {eresource},
  publisher = {Большая Рос. энкцикл.},
  year = {1996},
  note = {1 электрон. опт. диск (CD-ROM)},
  language = {russian},
}

@ARTICLE{Nasirova,
  author =       {Насырова, Г. А.},
  title =        {Модели государственного регулирования страховой деятельности
                  [Электронный ресурс]},
  journal =      {Вестник Финансовой академии},
  year =         {2003},
  number =       {4},
  note =         {Режим доступа: http://vestnik.fa.ru/4(28)2003/4.html},
  language =     {russian}
}

@ARTICLE{Nasirova2,
  author = {Насырова, Г. А.},
  title = {Модели государственного регулирования страховой деятельности},
  journal = {Вестник Финансовой академии},
  year = {2003},
  media = {eresource},
  number = {4},
  note = {Режим доступа: http://vestnik.fa.ru/4(28)2003/4.html},
  language = {russian}
}

% ГОСТ Р 7.0.11-2011, Приложение Б, Статьи

@ARTICLE{Berestova,
  author = {Берестова, Т. Ф.},
  title = {Поисковые инструменты библиотеки},
  journal = {Библиография},
  year = {2006},
  number = {4},
  pages = {19},
  language = {russian}
}

@ARTICLE{Kriger,
  author = {Кригер, И.},
  title =  {Бумага терпит},
  journal = {Новая газета},
  year = {2009},
  note = {1 июля},
  language = {russian}
}


% Examples from https://verbosus.com/bibtex-style-examples.html
@ARTICLE{Article,
  author   = {Peter Adams},
  title    = {The title of the work},
  journal  = {The name of the journal},
  year     = {1993},
  number   = {2},
  pages    = {201-213},
  month    = {7},
  note     = {An optional note},
  volume   = {4},
  language = {english}
}

@BOOK{Book,
  author    = {Peter Babington},
  title     = {The title of the work},
  publisher = {The name of the publisher},
  year      = {1993},
  volume    = {4},
  series    = {10},
  address   = {The address},
  edition   = {3},
  month     = {7},
  note      = {An optional note},
  isbn      = {3257227892},
  language  = {english}
}

@BOOKLET{Booklet,
  title        = {The title of the work},
  author       = {Peter Caxton},
  howpublished = {How it was published},
  address      = {The address of the publisher},
  month        = {7},
  year         = {1993},
  note         = {An optional note},
  language     = {english}
}

@CONFERENCE{Conference,
  author       = {Peter Draper},
  title        = {The title of the work},
  booktitle    = {The title of the book},
  year         = {1993},
  editor       = {The editor},
  volume       = {4},
  series       = {5},
  pages        = {213},
  address      = {The address of the publisher},
  month        = {7},
  organization = {The organization},
  publisher    = {The publisher},
  note         = {An optional note},
  language     = {english}
}

@INBOOK{Inbook,
  author       = {Peter Eston},
  title        = {The title of the work},
  booktitle    = {Book title},
  chapter      = {8},
  pages        = {201-213},
  publisher    = {The name of the publisher},
  year         = {1993},
  volume       = {4},
  series       = {5},
  address      = {The address of the publisher},
  edition      = {3},
  month        = {7},
  note         = {An optional note},
  language     = {english}
}

@INCOLLECTION{Incollection,
  author       = {Peter Farindon},
  title        = {The title of the work},
  booktitle    = {The title of the book},
  publisher    = {The name of the publisher},
  year         = {1993},
  editor       = {The editor},
  volume       = {4},
  series       = {5},
  chapter      = {8},
  pages        = {201-213},
  address      = {The address of the publisher},
  edition      = {3},
  month        = {7},
  note         = {An optional note},
  language     = {english}
}

@MANUAL{Manual,
  title        = {The title of the work},
  author       = {Peter Gainsford},
  organization = {The organization},
  address      = {The address of the publisher},
  edition      = {3},
  month        = {7},
  year         = {1993},
  note         = {An optional note},
  language     = {english}
}

@MASTERSTHESIS{Mastersthesis,
  author       = {Peter Harwood},
  title        = {The title of the work},
  school       = {The school where the thesis was written},
  year         = {1993},
  address      = {The address of the publisher},
  month        = {7},
  note         = {An optional note},
  language     = {english}
}

@MISC{Misc,
  author       = {Peter Isley},
  title        = {The title of the work},
  howpublished = {How it was published},
  month        = {7},
  year         = {1993},
  note         = {An optional note},
  language     = {english}
}

@PHDTHESIS{Phdthesis,
  author       = {Peter Joslin},
  title        = {The title of the work},
  school       = {The school where the thesis was written},
  year         = {1993},
  address      = {The address of the publisher},
  month        = {7},
  note         = {An optional note},
  language     = {english}
}

@PROCEEDINGS{Proceedings,
  title        = {The title of the work},
  year         = {1993},
  editor       = {Peter Kidwelly},
  volume       = {4},
  series       = {5},
  address      = {The address of the publisher},
  month        = {7},
  organization = {The organization},
  publisher    = {The name of the publisher},
  note         = {An optional note},
  language     = {english}
}

@TECHREPORT{Techreport,
  author       = {Peter Lambert},
  title        = {The title of the work},
  institution  = {The institution that published},
  year         = {1993},
  number       = {2},
  address      = {The address of the publisher},
  month        = {7},
  note         = {An optional note},
  language     = {english}
}

@UNPUBLISHED{Unpublished,
  author       = {Peter Marcheford},
  title        = {The title of the work},
  note         = {An optional note},
  month        = {7},
  year         = {1993},
  language     = {english}
}

%%% Реальные примеры

% Инициалы должны быть записаны после запятой, с точками, через пробел
% http://www.kit-e.ru/articles/elcomp/2006_12_124.php
% Подчёркивания в ссылке приходится экранировать
% http://www.kit-e.ru/articles/elcomp/2006\_12\_124.php
@online{medvedev2006jelektronnye,
  title={Электронные компоненты и монтажные подложки},
  author={Медведев, А. М.},
  journal={Компоненты и технологии},
  number={12},
  pages={124--134},
  year={2006},
  medium={Электронный ресурс},
  url = {http://www.kit-e.ru/articles/elcomp/2006\_12\_124.php},
  urldate = {19.01.2015},
  language = {russian}
}

% Real example
% & в названии журнала надо экранировать
% 10.1002/1521-4125(200007)23:7<581::AID-CEAT581>3.0.CO;2-P
% < > в ссылке приходится экранировать %3C и %3E, а потом ещё знаки процента в них экранировать
% 10.1002/1521-4125(200007)23:7%3C581::AID-CEAT581%3E3.0.CO;2-P
% 10.1002/1521-4125(200007)23:7\%3C581::AID-CEAT581\%3E3.0.CO;2-P
% url не нужен. если запись о бумажной публикации
@article {CEAT:CEAT581,
  author = {Deiters, U. K.},
  title = {A Modular Program System for the Calculation of Thermodynamic Properties of Fluids},
  journal = {Chemical Engineering \& Technology},
  volume = {23},
  number = {7},
  publisher = {WILEY-VCH Verlag},
  issn = {1521-4125},
  doi = {10.1002/1521-4125(200007)23:7<581::AID-CEAT581>3.0.CO;2-P},
  pages = {581--584},
  year = {2000},
  language = {english}
}

% Real with  4 authors
@article{doi:10.1080/01932691.2010.513279,
  author = {Young-Sang Cho and Young Kuk Kim and Kook Chae Chung and Chul Jin Choi },
  title = {Deformation of Colloidal Crystals for Photonic Band Gap Tuning},
  journal = {Journal of Dispersion Science and Technology},
  volume = {32},
  number = {10},
  pages = {1408-1415},
  year = {2011},
  doi = {10.1080/01932691.2010.513279},
  language = {english}
}

% doi with (), author with umlaut or other unicode or specific symbols, 9 authors
% latex don't like Gösele1999161 in ref
% Умляуты в авторах понимаются из-за поддержки в юникодной странице pdflatex и xelatex
% Иллюстрация того, что будет. если на английской записи будут поставлена пометка, что язык русский
@article{Gosele1999161,
  title = "Wafer bonding for microsystems technologies",
  journal = "Sensors and Actuators A: Physical",
  volume = "74",
  number = "1–3",
  pages = "161 - 168",
  year = "1999",
  issn = "0924-4247",
  doi = "10.1016/S0924-4247(98)00310-0",
  author = "Gösele, U. and Tong, Q.-Y. and Schumacher, A. and Kräuter, G. and Reiche, M. and Plößl, A. and Kopperschmidt, P. and Lee, T.-H. and Kim, W.-J.",
  keywords = "Wafer bonding",
  keywords = "Fusion bonding",
  keywords = "Pressure sensors",
  keywords = "Interface reactions",
  keywords = "Hydrophilic bonding",
  keywords = "Hydrophobic bonding",
  language = {russian}
}

% Real example (from Google or Springer)
% unmodified styles don't know %language = {English}
% язык писать с маленьких
% иллюстрация incollection
% 10.1007/0-387-32989-7_45
% Подчёркивания в DOI приходится экранировать
% 10.1007/0-387-32989-7\_45
@incollection{Li2007StressAnalysis,
  year={2007},
  isbn={978-0-387-27974-9},
  booktitle={Micro- and Opto-Electronic Materials and Structures: Physics, Mechanics, Design, Reliability, Packaging},
  editor={Suhir, E. and Lee, Y. C. and Wong, C. P.},
  doi={10.1007/0-387-32989-7_45},
  title={Stress Analysis for Processed Silicon Wafers and Packaged Micro-devices},
  publisher={Springer US},
  author={Li, Li and Guo, Yifan and Zheng, Dawei},
  pages={B677-B709},
  language={english}
}

% Real, β sign
% inputenc don't know β sign %aluminosilicate-β-quartz
% Знаки типа β, которые не знает таблица кодировки, с которой работает компилятор нужно заменять на latex команды
% doi должен быть без http://dx.doi.org/
@article{Shoji199895,
title = "Low-temperature anodic bonding using lithium aluminosilicate-\(\beta\)-quartz glass ceramic",
journal = "Sensors and Actuators A: Physical",
volume = "64",
number = "1",
pages = "95 - 100",
year = "1998",
note = "Tenth {IEEE} International Workshop on Micro Electro Mechanical Systems ",
issn = "0924-4247",
doi = "10.1016/S0924-4247(97)01659-2",
author = {Shuichi Shoji and Hiroto Kikuchi and Hirotaka Torigoe},
keywords = "Anodic bonding",
keywords = "Low-temperature bonding",
keywords = "Micro assembly",
keywords = "Micro package",
keywords = "Glass ceramic",
}


% from urlbst package
% Example from Jason Eisner, by mail (nothing special about the entry,
% but he seemed to be having formatting problems with unsrturl and proceedings
% entries.
% http://cs.jhu.edu/~jason/papers/#icassp07
@InProceedings{test:eisner-sample,
  author =       {Damianos Karakos and Sanjeev Khudanpur and Jason
                  Eisner and Carey~E. Priebe},
  title =        {Iterative denoising using {J}ensen-{R}enyi
                  divergences with an application to unsupervised
                  document categorization},
  booktitle =    {Proceedings of ICASSP},
  year =         2007,
  url =          {http://cs.jhu.edu/~jason/papers/\#icassp07}
}

@InProceedings{test:eisner-sample-shorted,
  author =       {Damianos Karakos and Sanjeev Khudanpur and Jason
                  Eisner and Carey~E. Priebe},
  title =        {Iterative denoising using {J}ensen-{R}enyi
                  divergences with an application to unsupervised
                  document categorization},
  booktitle =    {Proceedings of ICASSP},
  shortbooktitle = {Proc. of ICASSP},
  year =         2007,
  url =          {http://cs.jhu.edu/~jason/papers/\#icassp07}
}

% Попытка записать патент имеющимися средствами
@Book{iofis_patent1960,
  title                    = {Способ пайки керамики с~керамикой и~стекла с~металлом : а.\,с.~126728 СССР},
  author                   = {Иофис, Н. А.},
  year                     = {1960},
  numpages                 = {Бюл. № 5.~1},
  language                 = {russian}
}

% Попытка записать патент имеющимися средствами
@Book{AB_patent_Pomerantz_1968,
  title                    = {Anodic bonding : patent no. 3397278 US},
  author                   = {Pomerantz, D. I.},
  year                     = {1968},
  language                 = {english}
}

% !!! этот пример НЕ работает с bibtex
% Примеры оформления патентов из пакета https://www.ctan.org/pkg/biblatex-gost
@Patent{patent2h,
  heading =      {Заявка 1095735 Рос. федерация, МПК\ensuremath{^7} B 64 G 1/00},
  author =       {Тернер, Э. В.},
  authortype =   {США},
  title =        {Одноразовая ракета-носитель},
  media =        {text},
  holder =       {{заявитель Спейс Системз/Лорал, инк.}},
  credits =      {патент. поверенный Егорова Г. Б.},
  reqnumber =    {2000108705/28},
  date =         {2000-04-07},
  publdate =     {2001-03-10},
  publication =  {Бюл. № 7 (I ч.)\midsentence},
  prdate =       {1999-04-09},
  prnumber =     {09/289, 037},
  prcountry =    {countryus},
  pagetotal =    {5 с.~: ил.},
  language =     {russian},
}

@Patent{patent3h,
  heading =      {А. с. 1007970 СССР, МКИ\ensuremath{^3} В 25.1 15/00},
  author =       {В. С. Ваулин and В. Г. Кемайкин},
  authortype =   {СССР},
  title =        {Устройство для захвата неориентированных деталей типа валов},
  media =        {text},
  reqnumber =    {3360585/25-08},
  date =         {1981-11-23},
  publication =  {Бюл. № 12},
  publdate =     {1983-03-30},
  pagetotal =    {2 с.~: ил.},
  language =     {russian},
}

@Patent{patent2,
  author =       {Тернер, Э. В.},
  authortype =   {США},
  title =        {Одноразовая ракета-носитель},
  media =        {text},
  type =         {patreq},
  number =       1095735,
  location =     {countryru},
  ipc =          {МПК\ensuremath{^7} B 64 G 1/00},
  holder =       {{заявитель Спейс Системз/Лорал, инк.}},
  credits =      {патент. поверенный Егорова Г. Б.},
  reqnumber =    {2000108705/28},
  date =         {2000-04-07},
  publdate =     {2001-03-10},
  publication =  {Бюл. № 7 (I ч.)\midsentence},
  prioritydate = {1999-04-09},
  prioritynumber ={09/289, 037},
  prioritycountry ={countryus},
  pagetotal =    {5 с.~: ил.},
  language =     {russian},
}

%%% Использование дополнительных опций biblatex

@Book{sobenin_kdv,
  author =       {О. А. Вальднер and Н. П. Собенин and Б. В. Зверев and И. С. Щедрин},
  options =      {maxnames=4},
  title =        {Диафрагмированные волноводы},
  subtitle =     {Справочник},
  publisher =    {Энергоатомиздат},
  edition =      3,
  year =         1991,
  pagetotal =    280,
  location =     {М.},
  language =     {russian},
  isbn =         {5-283-03960-9},
}

@InProceedings{initials,
  author =       {Ya.Yu. Ivanov},
  title =        {Stabilization of the initials in the bibliography entries},
  booktitle =    {Proc. of {IPAC'10}},
  options =      {giveninits=false},
  pages =        {1234 -- 4321},
  language =     {english},
  venue =        {Kyoto, Japan},
  publisher =    {JACoW Publishing},
  location =     {Geneva},
  month =        5,
  year =         2010,
}
